<?xml version = "1.0" encoding = "UTF-8"?><record>
  <leader>01019nam#a2200361#c#4500</leader>
  <controlfield tag="005">20210408123956.0</controlfield>
  <controlfield tag="007">tu</controlfield>
  <controlfield tag="008">021024|2002####cc############|||#|#eng#c</controlfield>
  <controlfield tag="003">DE-605</controlfield>
  <controlfield tag="001">990118047850206441</controlfield>
  <datafield tag="015" ind1=" " ind2=" ">
    <subfield code="a">bA2W6894</subfield>
    <subfield code="2">dnb</subfield>
  </datafield>
  <datafield tag="016" ind1="7" ind2=" ">
    <subfield code="a">845496496</subfield>
    <subfield code="2">OCoLC</subfield>
  </datafield>
  <datafield tag="020" ind1=" " ind2=" ">
    <subfield code="a">1565925092</subfield>
    <subfield code="9">1-565-92509-2</subfield>
    <subfield code="0">(uri) http://www.isbnsearch.org/isbn/1565925092</subfield>
  </datafield>
  <datafield tag="035" ind1=" " ind2=" ">
    <subfield code="a">(DE-605)HT013480902</subfield>
  </datafield>
  <datafield tag="040" ind1=" " ind2=" ">
    <subfield code="a">61</subfield>
    <subfield code="b">ger</subfield>
    <subfield code="c">292</subfield>
    <subfield code="d">467</subfield>
    <subfield code="e">aacr</subfield>
  </datafield>
  <datafield tag="041" ind1=" " ind2=" ">
    <subfield code="a">eng</subfield>
  </datafield>
  <datafield tag="044" ind1=" " ind2=" ">
    <subfield code="c">XB-CN</subfield>
  </datafield>
  <datafield tag="082" ind1="0" ind2=" ">
    <subfield code="a">004.62</subfield>
    <subfield code="2">21</subfield>
  </datafield>
  <datafield tag="084" ind1=" " ind2=" ">
    <subfield code="a">ST 200</subfield>
    <subfield code="2">rvk</subfield>
  </datafield>
  <datafield tag="084" ind1=" " ind2=" ">
    <subfield code="a">ST 206 H85</subfield>
    <subfield code="2">rvk</subfield>
  </datafield>
  <datafield tag="100" ind1="1" ind2=" ">
    <subfield code="a">Gourley, David</subfield>
    <subfield code="4">aut</subfield>
  </datafield>
  <datafield tag="245" ind1="1" ind2="0">
    <subfield code="a">HTTP</subfield>
    <subfield code="b">the definitive guide</subfield>
    <subfield code="c">David Gourley and Brian Totty</subfield>
  </datafield>
  <datafield tag="250" ind1=" " ind2=" ">
    <subfield code="a">1. ed.</subfield>
  </datafield>
  <datafield tag="264" ind1=" " ind2="1">
    <subfield code="a">Beijing [u.a.]</subfield>
    <subfield code="b">O&apos;Reilly</subfield>
    <subfield code="c">2002</subfield>
  </datafield>
  <datafield tag="300" ind1=" " ind2=" ">
    <subfield code="a">XVIII, 635 S. : Ill., graph. Darst.</subfield>
  </datafield>
  <datafield tag="490" ind1="0" ind2=" ">
    <subfield code="a">Understanding Web internals</subfield>
  </datafield>
  <datafield tag="650" ind1=" " ind2="0">
    <subfield code="a">HTTP (Computer network protocol)</subfield>
  </datafield>
  <datafield tag="689" ind1="0" ind2="0">
    <subfield code="a">HTTP</subfield>
    <subfield code="D">s</subfield>
    <subfield code="0">(DE-588)4479982-2</subfield>
    <subfield code="0">(uri) https://portal.dnb.de/opac.htm?method=simpleSearch&amp;cqlMode=true&amp;query=idn=952314614</subfield>
    <subfield code="0">(uri) http://viaf.org/viaf/sourceID/DNB|952314614</subfield>
    <subfield code="B">GND-952314614</subfield>
  </datafield>
  <datafield tag="700" ind1="1" ind2=" ">
    <subfield code="a">Totty, Brain</subfield>
    <subfield code="4">aut</subfield>
  </datafield>
  <datafield tag="964" ind1="0" ind2="s">
    <subfield code="F">030</subfield>
    <subfield code="A">a|1ukz|z|||17</subfield>
  </datafield>
  <datafield tag="964" ind1="0" ind2="s">
    <subfield code="F">050</subfield>
    <subfield code="A">a|a|||||||||||</subfield>
  </datafield>
  <datafield tag="964" ind1="0" ind2="s">
    <subfield code="F">051</subfield>
    <subfield code="A">m|||||||</subfield>
  </datafield>
  <datafield tag="035" ind1=" " ind2=" ">
    <subfield code="a">(OCoLC)845496496</subfield>
    <subfield code="0">(uri) http://www.worldcat.org/oclc/845496496</subfield>
  </datafield>
  <datafield tag="MBD" ind1=" " ind2=" ">
    <subfield code="M">49HBZ_NETWORK</subfield>
    <subfield code="i">990118047850206441</subfield>
    <subfield code="n">HBZ Network</subfield>
  </datafield>
  <datafield tag="MBD" ind1=" " ind2=" ">
    <subfield code="M">49HBZ_DUE</subfield>
    <subfield code="i">990014677320206443</subfield>
    <subfield code="n">ULB D&#252;sseldorf</subfield>
  </datafield>
  <datafield tag="020" ind1=" " ind2=" ">
    <subfield code="a">1565925092</subfield>
    <subfield code="9">1-565-92509-2</subfield>
    <subfield code="M">49HBZ_DUE</subfield>
  </datafield>
  <datafield tag="983" ind1=" " ind2=" ">
    <subfield code="a">datd210</subfield>
    <subfield code="9">LOCAL</subfield>
    <subfield code="M">49HBZ_DUE</subfield>
  </datafield>
  <datafield tag="MNG" ind1=" " ind2=" ">
    <subfield code="c">System</subfield>
    <subfield code="f">ILS</subfield>
    <subfield code="i">marc21</subfield>
    <subfield code="k">01</subfield>
    <subfield code="e">false</subfield>
    <subfield code="d">2021-04-08 12:39:56 Europe/Berlin</subfield>
    <subfield code="g">011804785-HBZ01</subfield>
    <subfield code="j">60</subfield>
    <subfield code="a">import</subfield>
    <subfield code="b">2021-04-05 09:46:07 Europe/Berlin</subfield>
  </datafield>
  <datafield tag="H52" ind1="8" ind2=" ">
    <subfield code="b">X0001</subfield>
    <subfield code="c">03</subfield>
    <subfield code="h">datd210.g716</subfield>
    <subfield code="8">22291322150006443</subfield>
  </datafield>
  <datafield tag="HOL" ind1=" " ind2=" ">
    <subfield code="b">2021-04-01 11:44:49</subfield>
    <subfield code="8">22291322150006443</subfield>
    <subfield code="M">49HBZ_DUE</subfield>
    <subfield code="g">false</subfield>
    <subfield code="a">import</subfield>
  </datafield>
  <datafield tag="ITM" ind1=" " ind2=" ">
    <subfield code="H">22291322150006443</subfield>
    <subfield code="x">03</subfield>
    <subfield code="f">BOOK</subfield>
    <subfield code="v">03</subfield>
    <subfield code="p">10</subfield>
    <subfield code="X">System</subfield>
    <subfield code="U">2002-10-24 10:59:00</subfield>
    <subfield code="Y">2021-04-01 11:45:14</subfield>
    <subfield code="h">false</subfield>
    <subfield code="P">07/a/n/1</subfield>
    <subfield code="M">49HBZ_DUE</subfield>
    <subfield code="s">1</subfield>
    <subfield code="d">8</subfield>
    <subfield code="V">import</subfield>
    <subfield code="b">104679301</subfield>
    <subfield code="a">23291322140006443</subfield>
    <subfield code="R">Maintenance count: 003</subfield>
    <subfield code="c">datd210.g716</subfield>
    <subfield code="S">ZB7937</subfield>
    <subfield code="D">20021114</subfield>
    <subfield code="W">2021-04-01 11:44:49</subfield>
    <subfield code="u">X0001</subfield>
    <subfield code="w">X0001</subfield>
  </datafield>
  <datafield tag="GST" ind1=" " ind2=" ">
    <subfield code="a">Hypertext Transfer Protocol</subfield>
    <subfield code="A">GND</subfield>
    <subfield code="B">GND-952314614</subfield>
    <subfield code="C">450</subfield>
  </datafield>
  <datafield tag="GSI" ind1="7" ind2=" ">
    <subfield code="a">http://d-nb.info/gnd/4479982-2</subfield>
    <subfield code="2">uri</subfield>
    <subfield code="A">GND</subfield>
    <subfield code="B">GND-952314614</subfield>
    <subfield code="C">024</subfield>
  </datafield>
</record>